<?xml version="1.0" encoding="UTF-8"?>
<record xmlns="http://www.loc.gov/MARC21/slim">
   <leader>02829cam a2200433 a 4500</leader>
   <controlfield tag="001">1071760</controlfield>
   <controlfield tag="003">NjP</controlfield>
   <controlfield tag="005">20190705143217.0</controlfield>
   <controlfield tag="008">960723s1902    le            000 0 ara d</controlfield>
   <datafield tag="024" ind1="7" ind2=" ">
      <subfield code="a">princeton_aco004634</subfield>
      <subfield code="2">local</subfield>
   </datafield>
   <datafield ind1=" " ind2=" " tag="035">
      <subfield code="a">(CStRLIN)NJPG96-B40893</subfield>
   </datafield>
   <datafield ind1=" " ind2=" " tag="035">
      <subfield code="9">CCF0991TS</subfield>
   </datafield>
   <datafield ind1=" " ind2=" " tag="035">
      <subfield code="a">(NjP)1071760</subfield>
   </datafield>
   <datafield ind1=" " ind2=" " tag="040">
      <subfield code="a">NjP</subfield>
      <subfield code="c">PUL</subfield>
      <subfield code="d">PUL</subfield>
   </datafield>
   <datafield ind1=" " ind2=" " tag="049">
      <subfield code="a">PULL</subfield>
   </datafield>
   <datafield ind1=" " ind2=" " tag="035">
      <subfield code="a">(OCoLC)ocm35185456</subfield>
   </datafield>
   <datafield ind1="0" ind2=" " tag="130">
      <subfield code="6">880-01</subfield>
      <subfield code="a">Majmūʻ laṭīf mushtamil ʻalá thalāthat rasāʼil</subfield>
   </datafield>
   <datafield ind1="1" ind2="0" tag="245">
      <subfield code="6">880-02</subfield>
      <subfield code="a">Hādhā majmūʻ laṭīf mushtamil ʻalá thalāthat rasāʼil.</subfield>
   </datafield>
   <datafield ind1=" " ind2=" " tag="260">
      <subfield code="6">880-03</subfield>
      <subfield code="a">Bayrūt :</subfield>
      <subfield code="b">al-Maṭbaʻah al-Adabīyah,</subfield>
      <subfield code="c">1320 [1902]</subfield>
   </datafield>
   <datafield ind1=" " ind2=" " tag="300">
      <subfield code="a">12 p. ;</subfield>
      <subfield code="c">21 cm.</subfield>
   </datafield>
   <datafield ind1=" " ind2=" " tag="500">
      <subfield code="6">880-04</subfield>
      <subfield code="a">"... al-ūlá Manẓūmah mushtamilah ʻalá ʻaqāʼid al-tawḥīd al-thāniyah Tuḥfat al-aṭfāl wa-al-ghilmān fī tajwīd al-Qurʼān al-thālithah Urjūzah adabīyah lil-takhalluf bi-al-akhlāq al-maraḍīyah."</subfield>
   </datafield>
   <datafield ind1=" " ind2="0" tag="650">
      <subfield code="a">God (Islam)</subfield>
      <subfield code="x">Attributes</subfield>
      <subfield code="x">Poetry.</subfield>
   </datafield>
   <datafield ind1="0" ind2="0" tag="630">
      <subfield code="a">Qurʼan</subfield>
      <subfield code="x">Recitation</subfield>
      <subfield code="x">Poetry.</subfield>
   </datafield>
   <datafield ind1=" " ind2="0" tag="650">
      <subfield code="a">Islamic ethics</subfield>
      <subfield code="x">Poetry.</subfield>
   </datafield>
   <datafield ind1="1" ind2="2" tag="700">
      <subfield code="6">880-05</subfield>
      <subfield code="a">Qināwī, Muṣṭafá Maḥmūd,</subfield>
      <subfield code="d">-1889 or 1890.</subfield>
      <subfield code="t">Manẓūmah mushtamilah ʻalá ʻaqāʼid al-tawḥīd.</subfield>
      <subfield code="0">http://id.loc.gov/authorities/names/nr96028461</subfield>
   </datafield>
   <datafield ind1="1" ind2="2" tag="700">
      <subfield code="6">880-06</subfield>
      <subfield code="a">Jamzūrī, Sulaymān ibn Ḥusayn,</subfield>
      <subfield code="d">18th cent.</subfield>
      <subfield code="t">Tuḥfat al-aṭfāl wa-al-ghilmān fī tajwīd al-Qurʼān.</subfield>
      <subfield code="0">http://id.loc.gov/authorities/names/nr92030084</subfield>
   </datafield>
   <datafield ind1="1" ind2="2" tag="700">
      <subfield code="6">880-07</subfield>
      <subfield code="a">Ṭahṭāwī, Rifāʻah Rāfiʻ,</subfield>
      <subfield code="d">1801-1873.</subfield>
      <subfield code="t">Urjūzah adabīyah lil-takhalluf bi-al-akhlāq al-maraḍīyah.</subfield>
      <subfield code="0">http://id.loc.gov/authorities/names/n82231552</subfield>
   </datafield>
   <datafield ind1="0" ind2=" " tag="880">
      <subfield code="6">130-01/r</subfield>
      <subfield code="a">مجموع لطيف مشتمل على ثلاثة رسائل</subfield>
   </datafield>
   <datafield ind1="1" ind2="0" tag="880">
      <subfield code="6">245-02/r</subfield>
      <subfield code="a">هذا مجموع لطيف مشتمل على ثلاثة رسائل.</subfield>
   </datafield>
   <datafield ind1=" " ind2=" " tag="880">
      <subfield code="6">260-03/r</subfield>
      <subfield code="a">بيروت :</subfield>
      <subfield code="b">المطبعة الادبية،</subfield>
      <subfield code="c">1320 [1902]</subfield>
   </datafield>
   <datafield ind1=" " ind2=" " tag="880">
      <subfield code="6">500-04/r</subfield>
      <subfield code="a">"... الاولى منظومة مشتملة على عقائد التوحيد الثانية تحفة الاطفال والغلمان في تجويد القرآن الثالثة ارجوزة ادبية للتخلف بالاخلاق المرضية."</subfield>
   </datafield>
   <datafield ind1="1" ind2="2" tag="880">
      <subfield code="6">700-05/r</subfield>
      <subfield code="a">قناوي، مصطفى محمود،</subfield>
      <subfield code="d">-1889 or 1890.</subfield>
      <subfield code="t">منظومة مشتملة على عقائد التوحيد.</subfield>
   </datafield>
   <datafield ind1="1" ind2="2" tag="880">
      <subfield code="6">700-06/r</subfield>
      <subfield code="a">جمزوري، سليمان بن حسين،</subfield>
      <subfield code="d">18th cent.</subfield>
      <subfield code="t">تحفة الاطفال والغلمان في تجويد القرآن.</subfield>
   </datafield>
   <datafield ind1="1" ind2="2" tag="880">
      <subfield code="6">700-07/r</subfield>
      <subfield code="a">طهطاوي، رفاعة رافع،</subfield>
      <subfield code="d">1801-1873.</subfield>
      <subfield code="t">ارجوزة ادبية للتخلف بالاخلاق المرضية.</subfield>
   </datafield>
   <datafield ind1="4" ind2=" " tag="856">
      <subfield code="u">http://hdl.handle.net/2027/njp.32101076391299</subfield>
   </datafield>
   <datafield ind1=" " ind2=" " tag="998">
      <subfield code="a">07/24/96</subfield>
      <subfield code="s">9114</subfield>
      <subfield code="n">NjP</subfield>
      <subfield code="w">NJPG96B40893</subfield>
      <subfield code="d">07/23/96</subfield>
      <subfield code="c">JEB</subfield>
      <subfield code="b">JEB</subfield>
      <subfield code="i">960724</subfield>
      <subfield code="l">NJPG</subfield>
   </datafield>
   <datafield ind1=" " ind2=" " tag="911">
      <subfield code="a">19960801</subfield>
   </datafield>
   <datafield ind1=" " ind2=" " tag="912">
      <subfield code="a">19960724000000.0</subfield>
   </datafield>
   <datafield ind1=" " ind2=" " tag="994">
      <subfield code="a">C0</subfield>
      <subfield code="b">PUL</subfield>
   </datafield>
   <datafield ind1=" " ind2=" " tag="999">
      <subfield code="a">1071760</subfield>
   </datafield>
   <datafield ind1=" " ind2=" " tag="979">
      <subfield code="a">(OCoLC)ocn176545427</subfield>
   </datafield>
   <datafield ind1="8" ind2="0" tag="852">
      <subfield code="0">1233795</subfield>
      <subfield code="b">rcppa</subfield>
      <subfield code="t">1</subfield>
      <subfield code="h">2274.42.392 1902</subfield>
      <subfield code="x">tr fr f</subfield>
   </datafield>
   <datafield ind1="8" ind2=" " tag="852">
      <subfield code="0">8687557</subfield>
      <subfield code="b">elf1</subfield>
      <subfield code="h">Electronic Resource</subfield>
   </datafield>
   <datafield ind1=" " ind2=" " tag="959">
      <subfield code="a">2000-06-08 00:00:00 -0500</subfield>
   </datafield>
</record>
